<record><leader>00000cas a2200000 a 4500</leader><controlfield tag="001">9977633</controlfield><controlfield tag="008">831004d18491862miuwr ne      0    0eng  </controlfield><datafield ind1=" " ind2=" " tag="010"><subfield code="a">sn 83016690 </subfield></datafield><datafield ind1=" " ind2=" " tag="040"><subfield code="a">DLC</subfield><subfield code="b">eng</subfield><subfield code="c">DLC</subfield><subfield code="d">MHN</subfield><subfield code="d">OCL</subfield><subfield code="d">OCLCQ</subfield><subfield code="d">OCLCO</subfield><subfield code="d">OCLCF</subfield><subfield code="d">OCLCO</subfield></datafield><datafield ind1="1" ind2=" " tag="029"><subfield code="a">AU@</subfield><subfield code="b">000003026925</subfield></datafield><datafield ind1=" " ind2=" " tag="042"><subfield code="a">pcc</subfield></datafield><datafield ind1=" " ind2=" " tag="043"><subfield code="a">n-us-mi</subfield></datafield><datafield ind1="0" ind2="0" tag="050"><subfield code="a">Newspaper 8401-X</subfield></datafield><datafield ind1="0" ind2=" " tag="130"><subfield code="a">Detroit weekly tribune (Detroit, Mich. : 1849)</subfield></datafield><datafield ind1="1" ind2="0" tag="245"><subfield code="a">Detroit weekly tribune.</subfield></datafield><datafield ind1="1" ind2="3" tag="246"><subfield code="a">Detroit tribune</subfield></datafield><datafield ind1=" " ind2=" " tag="260"><subfield code="a">Detroit [Mich.] :</subfield><subfield code="b">B.G. Stimson &amp; Co.</subfield></datafield><datafield ind1=" " ind2=" " tag="300"><subfield code="a">v. ;</subfield><subfield code="c">68 cm.</subfield></datafield><datafield ind1=" " ind2=" " tag="310"><subfield code="a">Weekly</subfield></datafield><datafield ind1="1" ind2=" " tag="362"><subfield code="a">Began in 1849; ceased with July 15, 1862 issue.</subfield><subfield code="z">Cf. Gregory, Amer. newspapers.</subfield></datafield><datafield ind1=" " ind2=" " tag="515"><subfield code="a">Numbering irregular.</subfield></datafield><datafield ind1=" " ind2=" " tag="515"><subfield code="a">Issues for Jan. 11-18, 1853 incorrectly dated as Jan. 11-18, 1852 respectively.</subfield></datafield><datafield ind1=" " ind2=" " tag="580"><subfield code="a">Absorbed: Peninsular freeman? Cf. "Genealogical History of the Detroit News," Detroit news, Aug. 23, 1905, p. 1.</subfield></datafield><datafield ind1=" " ind2=" " tag="580"><subfield code="a">Other eds. available: Detroit evening tribune; and: Evening tribune (Detroit, Mich.); and: Detroit daily tribune (Detroit, Mich. : 1849); and: Detroit tri-weekly tribune; and: Detroit daily tribune (Detroti, Mich. : Evening ed.).</subfield></datafield><datafield ind1=" " ind2=" " tag="580"><subfield code="a">Merged with: Detroit weekly advertiser, to form : Detroit advertiser and tribune (Detroit, Mich. : Weekly).</subfield></datafield><datafield ind1=" " ind2=" " tag="588"><subfield code="a">Description based on: Vol. 3, no. 30 (May 18, 1852).</subfield></datafield><datafield ind1=" " ind2="0" tag="651"><subfield code="a">Detroit (Mich.)</subfield><subfield code="v">Newspapers.</subfield></datafield><datafield ind1=" " ind2="0" tag="651"><subfield code="a">Wayne County (Mich.)</subfield><subfield code="v">Newspapers.</subfield></datafield><datafield ind1=" " ind2="7" tag="655"><subfield code="a">Newspapers.</subfield><subfield code="2">fast</subfield><subfield code="0">(OCoLC)fst01423814</subfield></datafield><datafield ind1=" " ind2="7" tag="651"><subfield code="a">Michigan</subfield><subfield code="z">Detroit.</subfield><subfield code="2">fast</subfield><subfield code="0">(OCoLC)fst01205010</subfield></datafield><datafield ind1=" " ind2="7" tag="651"><subfield code="a">Michigan</subfield><subfield code="z">Wayne County.</subfield><subfield code="2">fast</subfield><subfield code="0">(OCoLC)fst01206628</subfield></datafield><datafield ind1=" " ind2=" " tag="752"><subfield code="a">United States</subfield><subfield code="b">Michigan</subfield><subfield code="c">Wayne</subfield><subfield code="d">Detroit.</subfield></datafield><datafield ind1="1" ind2=" " tag="775"><subfield code="t">Detroit daily tribune (Detroit, Mich. : Evening ed.)</subfield><subfield code="w">(DLC)sn 97070654</subfield><subfield code="w">(OCoLC)38276249</subfield></datafield><datafield ind1="1" ind2=" " tag="775"><subfield code="t">Detroit evening tribune</subfield><subfield code="w">(DLC)sn 86053889</subfield><subfield code="w">(OCoLC)14756582</subfield></datafield><datafield ind1="1" ind2=" " tag="775"><subfield code="t">Evening tribune (Detroit, Mich.)</subfield><subfield code="w">(DLC)sn 86053890</subfield><subfield code="w">(OCoLC)14756602</subfield></datafield><datafield ind1="1" ind2=" " tag="775"><subfield code="t">Detroit daily tribune (Detroit, Mich. : 1849)</subfield><subfield code="w">(DLC)sn 83025256</subfield><subfield code="w">(OCoLC)9356175</subfield></datafield><datafield ind1="1" ind2=" " tag="775"><subfield code="t">Detroit tri-weekly tribune</subfield><subfield code="w">(DLC)sn 97070665</subfield><subfield code="w">(OCoLC)38276714</subfield></datafield><datafield ind1="1" ind2="4" tag="780"><subfield code="t">Peninsular freeman</subfield><subfield code="w">(DLC)sn 96076542</subfield><subfield code="w">(OCoLC)34366868</subfield></datafield><datafield ind1="1" ind2="7" tag="785"><subfield code="t">Detroit weekly advertiser</subfield><subfield code="w">(DLC)sn 83016677</subfield><subfield code="w">(OCoLC)9975271</subfield></datafield><datafield ind1="1" ind2="7" tag="785"><subfield code="t">Detroit advertiser and tribune (Detroit, Mich. : Weekly)</subfield><subfield code="w">(DLC)sn 85033929</subfield><subfield code="w">(OCoLC)12322613</subfield></datafield></record>